@ONLINE{MLpaper, 
title = {machine learning algorithms},
howpublished ={\url{http://www.google.com}},
note = {Accessed on 5\textsuperscript{th} March 2014}


}